@misc{mordredgit,
  title = {{Git repository:  Mordred: a molecular descriptor calculator}},
  howpublished = "\url{https://github.com/mordred-descriptor/mordred}",
  year = {2018}, 
  note = "[Online; accessed 10-March-2022]"
}

@article{mordred_paper,
  title={Mordred: a molecular descriptor calculator},
  author={Moriwaki, Hirotomo and Tian, Yu-Shi and Kawashita, Norihito and Takagi, Tatsuya},
  journal={Journal of cheminformatics},
  volume={10},
  number={1},
  pages={1--14},
  year={2018},
  publisher={BioMed Central}
}

@article{robinson2020,
  title={Validating the validation: reanalyzing a large-scale comparison of deep learning and machine learning models for bioactivity prediction},
  author={Robinson, Matthew C and Glen, Robert C and others},
  journal={Journal of computer-aided molecular design},
  volume={34},
  number={7},
  pages={717--730},
  year={2020},
  publisher={Springer}
}

@misc{NumNeurons,
  title = {{How to determine the number of layers and neurons in the hidden layer?}},
  howpublished = "\url{https://medium.com/geekculture/introduction-to-neural-network-2f8b8221fbd3#}",
  year = {2021}, 
  author = {Sandhya Krishnan},
  note = "[Online; accessed 6-March-2022]"
}

@book{Neunets2,
author = {Heaton, Jeff},
title = {Introduction to Neural Networks for Java, 2nd Edition},
year = {2008},
isbn = {1604390085},
publisher = {Heaton Research, Inc.},
edition = {2nd}
}





@misc{MLPclassifier,
  title = {{Neural network models (supervised)}},
  howpublished = "\url{https://scikit-learn.org/stable/modules/neural_networks_supervised.html}",
  year = {2021}, 
  note = "[Online; accessed 6-March-2022]"
}

@misc{Randomforest,
  title = {{Scikit-learn random forest classifier}},
  howpublished = "\url{https://scikit-learn.org/stable/modules/generated/sklearn.ensemble.RandomForestClassifier.html}",
  year = {2021}, 
  note = "[Online; accessed 6-March-2022]"
}



== Paper describing Yao's garbeled circuit
@INPROCEEDINGS{Yao,
  author={Yao, Andrew Chi-Chih},
  booktitle={27th Annual Symposium on Foundations of Computer Science (sfcs 1986)}, 
  title={How to generate and exchange secrets}, 
  year={1986},
  volume={},
  number={},
  pages={162-167},
  doi={10.1109/SFCS.1986.25}}
  
== Master Paper about MPC
@misc{Lindell2021,
    author       = {Yehuda Lindell},
    title        = {Secure Multiparty Computation (MPC)},
    howpublished = {Cryptology ePrint Archive, Report 2020/300},
    year         = {2020},
    note         = {\url{https://ia.cr/2020/300}},
}

== Link um zu zeigen das statistiken in der Politik oftmals gefaelscht werden
@misc{inseratenaffaere,
  author = {Kienzl, Sebastian and Matzenberger, Michael},
  title = {{So änderten sich die Umfragewerte in den Fellner-Medien nach Kurz' Machtübernahme}},
  howpublished = "\url{https://www.derstandard.at/story/2000130231271/so-aenderten-sich-die-umfragewerte-in-den-fellner-medien-nach}",
  year = {2021}, 
  note = "[Online; accessed 10-February-2022]"
}

== Trust in a political system is crucial
@article{dodsworth2020,
  title={Political trust: The glue that keeps democracies together},
  author={Dodsworth, Susan and Cheeseman, Nic},
  journal={London: Westminster Foundation for Democracy},
  year={2020}
}

== Over-use of hype technologies
@misc{fuenfblockchains,
  author = {Biselli, Anna},
  title = {{Normalitätsversprechen via Blockchain}},
  howpublished = "\url{https://netzpolitik.org/2020/normalitaetsversprechen-via-blockchain/}",
  year = {2020}, 
  note = "[Online; accessed 10-February-2022]"
}

== Boston wage gap
@inproceedings{BostonWageGap,
  title={Accessible privacy-preserving web-based data analysis for assessing and addressing economic inequalities},
  author={Lapets, Andrei and Jansen, Frederick and Albab, Kinan Dak and Issa, Rawane and Qin, Lucy and Varia, Mayank and Bestavros, Azer},
  booktitle={Proceedings of the 1st ACM SIGCAS Conference on Computing and Sustainable Societies},
  pages={1--5},
  year={2018}
}

@misc{Vat,
  author = {Bogdanov, Dan},
  title = {{Discover Tax and VAT Fraud Easier with Sharemind}},
  howpublished = "\url{https://sharemind.cyber.ee/tax-vat-fraud/}",
  year = {2016}, 
  note = "[Online; accessed 10-February-2022]"
}

@inproceedings{bogdanov2015,
  title={How the estonian tax and customs board evaluated a tax fraud detection system based on secure multi-party computation},
  author={Bogdanov, Dan and J{\~o}emets, Marko and Siim, Sander and Vaht, Meril},
  booktitle={International conference on financial cryptography and data security},
  pages={227--234},
  year={2015},
  organization={Springer}
}


@article{bogdanovstudents,
  title={Students and Taxes: a Privacy-Preserving Study Using Secure Computation.},
  author={Bogdanov, Dan and Kamm, Liina and Kubo, Baldur and Rebane, Reimo and Sokk, Ville and Talviste, Riivo},
  journal={Proc. Priv. Enhancing Technol.},
  volume={2016},
  number={3},
  pages={117--135},
  year={2016}
}

@article{bogdanov2016,
  title={Privacy-preserving tax fraud detection in the cloud with realistic data volumes},
  author={Bogdanov, Dan and J{\~o}emets, Marko and Siim, Sander and Vaht, Meril},
  journal={T-4-24, Cybernetica AS},
  year={2016}
}

@misc{MC,
  author = {Hoffman,William and  Bick, Raphael and Boral, Austin and Henke, Nicolaus and Olukoya, Didunoluwa  Rifai, Khaled  and  Roth, Marcus and Youldon, Tom},
  title = {{Collaborating for the common good: Navigating public-private data partnerships}},
  howpublished = "\url{https://sharemind.cyber.ee/tax-vat-fraud/}",
  year = {2019}, 
  note = "[Online; accessed 10-February-2022]"
}

@article{Haustiere,
  title={Handbook of privacy and privacy-enhancing technologies},
  author={Van Blarkom, GW and Borking, John J and Olk, JG Eddy},
  journal={Privacy Incorporated Software Agent (PISA) Consortium, The Hague},
  volume={198},
  pages={14},
  year={2003}
}

@article{Economist,
  title={The UN is testing technology that processes data confidentially},
  journal={The Economist, Jan 29th 2022 edition},
  year={2022}
}

@article{satellite,
  title={Secure floating point arithmetic and private satellite collision analysis},
  author={Kamm, Liina and Willemson, Jan},
  journal={International Journal of Information Security},
  volume={14},
  number={6},
  pages={531--548},
  year={2015},
  publisher={Springer}
}

== Standards in health data management
@misc{HL7,
  title = {{HL7 Standards developing organisation for the exchange, integration, sharing and retrieval of electronic health information, base of the Austrian ELGA}},
  howpublished = "\url{http://www.hl7.org/index.cfm}",
  note = "[Online; accessed 10-February-2022]"
}

== An exploration of data driven governance
@inproceedings{DataDrivenGovernance,
  title={Establishing efficient governance through data-driven e-government},
  author={Agbozo, Ebenezer and Spassov, Kamen},
  booktitle={Proceedings of the 11th international conference on theory and practice of electronic governance},
  pages={662--664},
  year={2018}
}

@inproceedings{TaxFraud,
  title={VAT Fraud: Economic Impact, Challenges and Policy Issues},
  author={{Think Tank European Parliament}},
  year={2018}
}

== Edward snowdens book to show mass surveillance
@book{snowden,
  title={Permanent record},
  author={Snowden, Edward},
  year={2019},
  publisher={Pan Macmillan}
}




